 @Manual{ref1,
    title = {decisionSupport: Quantitative Support of Decision Making under Uncertainty},
    author = {Eike Luedeling and Lutz Goehring},
    year = {2018},
    note = {R package version 1.103.8},
    howpublished = {\href{https://CRAN.R-project.org/package=decisionSupport}{Link to package}}
  }

@Article{ref2,
    title = {Learning Bayesian Networks with the {bnlearn} {R} Package},
    author = {Marco Scutari},
    journal = {Journal of Statistical Software},
    year = {2010},
    volume = {35},
    number = {3},
    pages = {1--22},
    doi = {10.18637/jss.v035.i03},
  }

 @Book{ref3,
    title = {Bayesian Networks with Examples in {R}},
    author = {Marco Scutari and Jean-Baptiste Denis},
    publisher = {Chapman and Hall},
    address = {Boca Raton},
    year = {2014},
    note = {ISBN 978-1-4822-2558-7, 978-1-4822-2560-0},
  }

 @article{ref4,
  author = {Luedeling, Eike and Oord, Arjen and Kiteme, Boniface and Ogalleh, Sarah and     Malesu, Maimbo and Shepherd, Keith D. and De Leeuw, Jan},
  title = {Fresh groundwater for Wajir â€“ ex-ante assessment of uncertain benefits for       multiple stakeholders in a water supply project in Northern Kenya},
  journal = {Frontiers in Environmental Science},
  volume = {3},
  pages = {16},
  ISSN = {2296-665X},
  DOI = {10.3389/fenvs.2015.00016},
  url = {https://doi.org/10.3389/fenvs.2015.00016},
  year = {2015},
 }

 @article{ref5,
    author = {S{\o}ren H{\o}jsgaard},
    title = {Graphical Independence Networks with the {gRain} Package for {R}},
    journal = {Journal of Statistical Software},
    volume = {46},
    pages = {1--26},
    DOI = {10.18637/jss.v046.i10},
    year = {2012},
    number = {10},
 }

@phdthesis{Hansson2013,
author = {Hansson, Frida and Sj{\"{o}}kvist, Stina},
pages = {53},
school = {LUND University},
howpublished = {\href{http://lup.lub.lu.se/luur/download?func=downloadFile&recordOId=3866733&fileOId=3866740}{Link to Thesis}},
title = {{Modelling Expert Judgement into a Bayesian Belief Network - A Method for Consistent and Robust Determination of Conditional Probability Tables}},
type = {Master Thesis},
year = {2013}
}
