@article{Luedeling_and_Shepherd_2016,
author = {Luedeling, Eike and Shepherd, Keith},
journal = {Solutions},
number = {5},
pages = {46--54},
title = {{Decision-Focused Agricultural Research}},
volume = {7},
year = {2016},
url = {https://www.thesolutionsjournal.com/article/decision-focused-agricultural-research/}
}

@article{Krueger_et_al_2012,
author = {Krueger, Tobias and Page, Trevor and Hubacek, Klaus and Smith, Laurence and Hiscock, Kevin},
doi = {https://doi.org/10.1016/j.envsoft.2012.01.011},
journal = {Environmental Modelling and Software},
pages = {4--18},
title = {{The role of expert opinion in environmental modelling}},
volume = {36},
year = {2012}
}

@article{Refsgaard_et_al_2007,
author = {Refsgaard, Jens Christian and van der Sluijs, Jeroen P. and H{\o}jberg, Anker Lajer and Vanrolleghem, Peter A.},
doi = {https://doi.org/10.1016/j.envsoft.2007.02.004},
journal = {Environmental Modelling and Software},
number = {11},
pages = {1543--1556},
title = {{Uncertainty in the environmental modelling process - A framework and guidance}},
volume = {22},
year = {2007}
}

@book{VanSteenbergen_et_al_2010,
address = {Rome},
author = {{Van Steenbergen}, Frank and Lawrence, Philip and Haile, Abraham Mehari and Salman, Maher and Faur{\`{e}}s, Jean-Marc},
isbn = {978-92-5-106608-09},
url = {http://www.fao.org/3/i1680e/i1680e00.htm},
pages = {249},
publisher = {FAO},
title = {{Guidelines on spate irrigation}},
year = {2010}
}

@inproceedings{Junk_et_al_1989,
address = {Honey Harbour},
author = {Junk, Wolfgang and Bayley, Peter and Sparks, Richard},
booktitle = {Proceedings of the International Large River Symposium},
editor = {Dodge, D. P.},
pages = {110 -- 127},
publisher = {Can. Spec. Publ},
title = {{The Flood Pulse Concept in River - Floodplain Systems}},
year = {1989}
}

@mastersthesis{Hansson_and_Sjokvist_2013,
author = {Hansson, Frida and Sj{\"{o}}kvist, Stina},
title = {{Modelling Expert Judgement into a Bayesian Belief Network - A Method for Consistent and Robust Determination of Conditional Probability Tables}},
school = {Mathematical Statistics},
year= {2003},
pages = {60},
address = {LUND University},
month = 7,
note = {Student Paper},
url = {http://lup.lub.lu.se/student-papers/record/3866733}
}

@inproceedings{Erkossa_et_al_2014,
address = {Adama},
author = {Erkossa, Teklu and Langan, Simon J. and Hagos, Fitsum},
booktitle = {Proceedings of the Workshop on Flood-based Farming for Food Security and Adaption to Climate Change in Ethiopia: Potential and Challenges},
doi = {https://dx.doi.org/10.5337/2014.233},
editor = {{Erkossa, Teklu; Hagos, Fitsum; Lefore}, Nicole},
pages = {5--22},
publisher = {International Water Management Institute (IWMI)},
title = {{Constraints to the development, operation and maintenance of spate irrigation schemes in Ethiopia.}},
year = {2014}
}

@article{Kitagawa_1996,
author = {Kitagawa, Genshiro},
doi = {10.2307/1390750},
issn = {10618600},
journal = {Journal of Computational and Graphical Statistics},
number = {1},
pages = {1--25},
title = {{Monte Carlo Filter and Smoother for Non-Gaussian Nonlinear State Space Models}},
volume = {5},
year = {1996}
}

@book{Koller_and_Friedman_2009,
address = {Cambridge},
author = {Koller, Daphne and Friedman, Nir},
edition = {1},
editor = {Dietterich, Thomas and Bishop, Christopher and Heckerman, David and Jordan, Michael and Kearns, Michael},
pages = {1270},
publisher = {MIT Press},
title = {{Probabilistic Graphical Models: Principles and Techniques}},
year = {2009}
}

@book{Panse_and_Sukhatme_1957,
address = {New Delhi},
author = {Panse, V. G. and Sukhatme, P. V.},
edition = {1},
pages = {361},
publisher = {Indian Council of Agricultural Research},
title = {{Statistical Methods for Agricultural Workers}},
year = {1957}
}

@book{Hubbard_2014,
address = {Hoboken},
author = {Hubbard, Douglas W.},
edition = {3rd ed},
pages = {432},
publisher = {John Wiley {\&} Sons, Inc.},
title = {{How to Measure Anything: Finding the Value of Intangibles in Business}},
year = {2014}
}

@book{Fenton_and_Neil_2013,
address = {Boca Raton},
author = {Fenton, Norman and Neil, Martin},
isbn = {9781439809112},
pages = {493},
publisher = {CRC Press},
title = {{Risk Assessment and Decision Analysis With Bayesian Networks}},
year = {2013}
}

@article{Rosenstock_et_al_2014,
author = {Rosenstock, Todd S. and Mpanda, Mathew and Rioux, Janie and Aynekulu, Ermias and Kimaro, Anthony A. and Neufeldt, Henry and Shepherd, Keith D. and Luedeling, Eike},
doi = {10.1016/j.agee.2013.11.011},
issn = {01678809},
issn = {01678809},
journal = {Agriculture, Ecosystems and Environment},
pages = {47--51},
title = {{Targeting conservation agriculture in the context of livelihoods and landscapes}},
volume = {187},
year = {2014}
}

@book{Jensen_and_Nielsen_2007,
address = {NewYork},
author = {Jensen, Finn V. and Nielsen, Thomas D.},
booktitle = {Technometrics},
edition = {2nd},
editor = {Jordan, Michael and Kleinberg, Jon and Sch{\"{o}}lkopf, Bernhard},
number = {2},
pages = {448},
publisher = {Springer},
title = {{Bayesian Networks and Decision Graphs}},
volume = {45},
year = {2007}
}

@article{Jax_and_Setala_2005,
author = {Jax, Kurt and Set{\"{a}}l{\"{a}}, Heikki},
url = {www.jstor.org/stable/3548658},
issn = {00301299, 16000706},
journal = {Oikos},
number = {3},
pages = {641--648},
publisher = {[Nordic Society Oikos, Wiley]},
title = {{Function and "Functioning" in Ecology: What Does It Mean?}},
volume = {111},
year = {2005}
}

@incollection{Rotter_and_Hohn_2015,
address = {Rome},
author = {R{\"{o}}tter, R. and H{\"{o}}hn, J.},
booktitle = {Climate change and food systems: global assessments and implications for food security and trade},
chapter = {4},
editor = {Elbehri, Aziz},
pages = {43},
publisher = {FAO},
title = {{An overview of climate change impact on crop production and its variability in Europe, related uncertainties and research challenges}},
year = {2015}
}

@article{Delignette-Muller_and_Dutang_2015,
author = {Delignette-Muller, Marie Laure and Dutang, Christophe},
doi = {10.18637/jss.v064.i04},
issn = {1548-7660},
journal = {Journal of Statistical Software},
number = {4},
pages = {1--34},
title = {{fitdistrplus : An R Package for Fitting Distributions}},
volume = {64},
year = {2015}
}

@article{Boote_et_al_1996,
author = {Boote, Kenneth J. and Jones, James W. and Pickering, Nigel B.},
doi = {10.2134/agronj1996.00021962008800050005x},
isbn = {0002-1962},
issn = {00021962},
journal = {Agronomy Journal},
month = {sep},
number = {5},
pages = {704--716},
pmid = {213},
title = {{Potential Uses and Limitations of Crop Models}},
volume = {88},
year = {1996}
}

@misc{FBLN_2018,
author = {FBLN},
title = {{Flood-based Livelihood Network (FBLN) Foundation}},
year = {2018},
howpublished = {http://spate-irrigation.org/spate-irrigation-network/},
note = {Accessed: 2020-01-20}
}

@article{VanIttersum_et_al_2013,
author = {{Van Ittersum}, M. K. and Cassman, Kenneth G. and Grassini, Patricio and Wolf, Joost and Tittonell, Pablo and Hochman, Zvi},
doi = {10.1016/j.fcr.2012.09.009},
journal = {Field Crops Research},
pages = {4--17},
publisher = {Elsevier B.V.},
title = {{Yield gap analysis with local to global relevance-A review}},
volume = {143},
year = {2013}
}

@book{Jensen_1996,
address = {Heidelberg},
author = {Jensen, Finn V.},
edition = {1},
pages = {178},
publisher = {Springer; Har/Dskt edition},
title = {{An Introduction of Bayesian Network}},
year = {1996}
}

@book{RCoreTeam_2018,
address = {Vienna},
author = {{R Core Team}},
booktitle = {R Foundation for Statistical Computing, Vienna, Austria.},
publisher = {R Foundation for Statistical Computing},
title = {{R: A language and environment for statistical computing.}},
year = {2018}
}

@misc{DeMendiburu_2016,
author = {{De Mendiburu}, Felipe},
booktitle = {Statistical procedures for agricultural research},
doi = {10.2307/2411227>.},
isbn = {9781493921218},
issn = {1441966455},
pmid = {11731014},
title = {{Package ‘agricolae'}},
year = {2016}
}

@article{Whitney_Lanzanova_et_al_2018,
author = {Whitney, Cory and Lanzanova, Denis and Muchiri, Caroline and Shepherd, Keith D. and Rosenstock, Todd S. and Krawinkel, Michael and Tabuti, John R.S. and Luedeling, Eike},
doi = {10.1002/2017EF000765},
isbn = {0000000187282},
issn = {23284277},
journal = {Earth's Future},
number = {3},
pages = {359--372},
title = {{Probabilistic Decision Tools for Determining Impacts of Agricultural Development Policy on Household Nutrition}},
volume = {6},
year = {2018}
}

@book{Pearl_1988,
address = {San Francisco},
author = {Pearl, Judea},
editor = {Morgan, Michael B. and Jowell, Shirley and Genderen, Rich Van and Pearl, Daniel and Medoff, Linda},
isbn = {0934613737},
publisher = {Morgan Kaufmann Publishers Inc.},
title = {{Probabilistic Reasoning in Intelligent Systems: Networks of Plausible Inference}},
year = {1988}
}

@article{Hojsgaard_2012,
author = {H{\o}jsgaard, S{\o}ren},
doi = {10.18637/jss.v046.i10},
issn = {1548-7660},
journal = {Journal of Statistical Software},
number = {10},
pages = {1--26},
title = {{Graphical Independence Networks with the gRain Package for R}},
volume = {46},
year = {2012}
}

@article{Cerdan_et_al_2002,
author = {Cerdan, O. and Souch{\`{e}}re, V. and Lecomte, V. and Couturier, A. and {Le Bissonnais}, Y.},
journal = {Catena},
pages = {189--205},
title = {{Incorporating soil surface crusting processes in an expert-based runoff model: Sealing and transfer by runoff and erosion related to agricultural management}},
volume = {46},
year = {2002}
}

@book{Haile_2010,
address = {London},
author = {Haile, Abraham Mehari},
edition = {1},
pages = {212},
publisher = {CRC Press},
title = {{A Tradition in Transition, Water Management Reforms and Indigenous Spate Irrigation Systems in Eritrea}},
year = {2010}
}

@article{Scutari_2010,
author = {Scutari, Marco},
doi = {10.18637/jss.v035.i03},
journal = {Journal of Statistical Software},
number = {3},
pages = {1--22},
title = {{Learning Bayesian Networks with the bnlearn R Package.}},
volume = {35},
year = {2010}
}

@book{Gomez_and_Gomez_1984,
address = {New York},
author = {Gomez, Kwanchai A. and Gomez, Arturo A.},
edition = {2},
isbn = {978-0-471-87092-0},
pages = {627},
publisher = {John Wiley {\&} Sons, Inc.},
title = {statistical procedures agricultural research},
volume = {6},
year = {1984}
}

@article{Luedeling_et_al_2015,
author = {Luedeling, Eike and Oord, Arjen L and Kiteme, Boniface and Ogalleh, Sarah and Malesu, Maimbo and Shepherd, Keith D and {De Leeuw}, Jan},
doi = {10.3389/fenvs.2015.00016},
journal = {Frontiers in Environmental Science},
number = {16},
title = {{Fresh groundwater for Wajir - ex-ante assessment of uncertain benefits for multiple stakeholders in a water supply project in Northern Kenya}},
volume = {3},
year = {2015}
}

@book{Scutari_and_Denis_2015,
address = {Boca Raton},
author = {Scutari, Marco and Denis, Jean-Baptiste},
edition = {1},
editor = {Dominici, Francesca and Faraway, Julian J. and Tanner, Martin and Zidek, Jim},
pages = {241},
publisher = {CRC Press},
title = {{Networks Bayesian With Examples in R}},
year = {2015}
}

@book{Hardaker_et_al_2015,
address = {Wallingford},
author = {Hardaker, J. Brian and Anderson, J.R. and Lien, G. and Huirne, R.B.M.},
edition = {3},
editor = {Parfitt, Claire and Lainsbury, Alexandra and Povey, Lauren},
pages = {289},
publisher = {CABI Publishing},
title = {{Coping with Risk in Agriculture: Applied Decision Analysis}},
year = {2015}
}

@book{Allen_et_al_1998,
address = {Rome},
author = {Allen, Richard G. and Pereira, L.S. and Raes, D. and Smith, M.},
isbn = {92-5-104219-5},
url = {http://www.fao.org/3/X0490E/X0490E00.htm},
pages = {328},
publisher = {FAO},
series = {FAO Irrigation and Drainage Papers (Book 56)},
title = {{Crop evapotranspiration: Guidelines for computing crop requirements}},
year = {1998}
}

@article{Harlan_and_Pasquereau_1969,
author = {Harlan, Jack R and Pasquereau, Jean},
doi = {10.1007/BF02862973},
issn = {0013-0001},
journal = {Economic Botany},
number = {1},
pages = {70--74},
publisher = {New York Botanical Garden Press},
title = {{D{\'{e}}crue Agriculture in Mali.}},
volume = {23},
year = {1969}
}

@inproceedings{Murthy_2004,
address = {Dehra Dun},
author = {Murthy, V. Radha Krishna},
booktitle = {Satellite Remote Sensing and GIS Applications in Agricultural Meteorology},
editor = {Sivakumar, M.V.K. and Roy, P.S. and Harmsen, K. and Saha, S.K.},
pages = {235--261},
publisher = {World Meteorological Organisation},
title = {{Crop Growth Modeling and Its Applications in Agricultural Meteorology}},
year = {2004}
}

@article{Ramirez_et_al_2003,
author = {Ramirez, Octavio A. and Misra, Sukant and Field, James},
doi = {10.1111/1467-8276.00106},
issn = {0002-9092},
journal = {American Journal of Agricultural Economics},
number = {1},
pages = {108--120},
title = {{Crop‐Yield Distributions Revisited}},
volume = {85},
year = {2003}
}

@article{Gallagher_1987,
author = {Gallagher, Paul},
doi = {10.2307/1242190},
issn = {0002-9092},
journal = {American Journal of Agricultural Economics},
number = {4},
pages = {796--803},
title = {{U.S. Soybean Yields: Estimation and Forecasting with Nonsymmetric Disturbances}},
volume = {69},
year = {1987}
}

@article{Uusitalo_et_al_2015,
author = {Uusitalo, Laura and Lehikoinen, Annukka and Helle, Inari and Myrberg, Kai},
doi = {10.1016/j.envsoft.2014.09.017},
issn = {13648152},
journal = {Environmental Modelling and Software},
pages = {24--31},
title = {{An overview of methods to evaluate uncertainty of deterministic models in decision support}},
volume = {63},
year = {2015}
}

@article{Baroni_and_Tarantola_2014,
author = {Baroni, G. and Tarantola, S.},
doi = {10.1016/j.envsoft.2013.09.022},
issn = {13648152},
journal = {Environmental Modelling {\&} Software},
month = {jan},
pages = {26--34},
title = {{A General Probabilistic Framework for uncertainty and global sensitivity analysis of deterministic models: A hydrological case study}},
volume = {51},
year = {2014}
}

@article{Yet_et_al_2016,
author = {Yet, Barbaros and Constantinou, Anthony and Fenton, Norman and Neil, Martin and Luedeling, Eike and Shepherd, Keith},
doi = {10.1016/j.eswa.2016.05.005},
publisher = {Elsevier Ltd},
journal = {Expert Systems with Applications},
pages = {141--155},
title = {{A Bayesian Network Framework for Project Cost, Benefit and Risk Analysis with an Agricultural Development Case Study}},
volume = {60},
year = {2016}
}

@article{Erkossa_et_al_2011,
author = {Erkossa, Teklu and Awulachew, Seleshi Bekele and Aster, Denekew},
doi = {10.4236/as.2011.23032},
issn = {2156-8553},
journal = {Agricultural Sciences},
number = {03},
pages = {238--247},
title = {{Soil fertility effect on water productivity of maize in the upper blue nile basin, Ethiopia}},
volume = {02},
year = {2011}
}

@article{Meng_et_al_2013,
author = {Meng, Qingfeng and Hou, Peng and Wu, Liang and Chen, Xinping and Cui, Zhenling and Zhang, Fusuo},
doi = {10.1016/j.fcr.2012.09.023},
issn = {03784290},
journal = {Field Crops Research},
pages = {91--97},
title = {{Understanding production potentials and yield gaps in intensive maize production in China}},
volume = {143},
year = {2013}
}

@article{VandenBerg_and_Singels_2013,
author = {{Van den Berg}, M. and Singels, A.},
doi = {10.1016/j.fcr.2012.10.009},
journal = {Field Crops Research},
pages = {143--150},
title = {{Modelling and monitoring for strategic yield gap diagnosis in the South African sugar belt}},
volume = {143},
year = {2013}
}

@book{Cullen_and_Frey_1999,
address = {New York},
author = {Cullen, Alison and Frey, Cristopher},
pages = {336},
publisher = {Plenum Press},
title = {{Probabilistic Techniques in Exposure Assessment}},
year = {1999}
}

@Manual{Luedeling_Goehring_et_al_2019,
title = {{decisionSupport}: Quantitative Support of Decision Making under Uncertainty},
author = {Luedeling, Eike and Goehring, Lutz and Schiffers, Katja},
language = {R},
publisher = {The Comprehensive R Archive Network},
year = {2019},
url = {https://CRAN.R-project.org/package=decisionSupport},
version = {1.105.2}
}

@Manual{Belgorodski_et_al_2017,
title = {{rriskDistributions}: Fitting Distributions to Given Data or Known Quantiles},
author = {Natalia Belgorodski and Matthias Greiner and Kristin Tolksdorf and Katharina Schueller},
language = {R},
publisher = {The Comprehensive R Archive Network},
year = {2017},
url = {https://CRAN.R-project.org/package=rriskDistributions},
version = {2.1.2}
}

@Manual{R_Core_Team_2019,
    title = {R: A Language and Environment for Statistical Computing},
    author = {{R Core Team}},
    organization = {R Foundation for Statistical Computing},
    address = {Vienna, Austria},
    year = {2019},
    url = {https://www.R-project.org/}
  }

@techreport{Puertas_et_al_2011,
author = {Puertas, Diego Garcia-Landarte and Steenbergen, Frank van and Haile, Abraham Mehari and Kool, Matthijs and Embaye, Tesfa-alem Gebreegziabher},
title = {{Flood based farming systems in Africa}},
institution  = {Spate Irrigation Network Foundation},
year = {2011},
address = {The netherland},
number = 5,
month = 7,
pages = {52},
note = {Overview Paper Spate Irrigation},
url = {http://spate-irrigation.org/wp-content/uploads/2015/03/OP5_Flood-based-farming-in-Africa_SF.pdf}
}


@techreport{Whitney_Shepherd_et_al_2018,
author = {Whitney, Cory and Shepherd, Keith and Luedeling, Eike},
title = {{Decision analysis methods guide; Agricultural policy for nutrition}},
doi = {10.5716/WP18001.PDF},
institution  = {World Agroforestry Centre},
year = {2011},
address = {Nairobi},
number = 275,
pages = {27},
pmid = {21481883},
year = {2018},
note = {Working paper}
}

@article{VanSteenbergen_et_al_2011a,
author = {{Van Steenbergen}, Frank and Haile, Abraham Mehari and Alemehayu, Taye and Alamirew, Tena and Geleta, Yohannes},
doi = {10.1007/s11269-011-9780-7},
issn = {0920-4741},
journal = {Water Resources Management},
month = {may},
number = {7},
pages = {1899--1913},
title = {{Status and Potential of Spate Irrigation in Ethiopia}},
url = {http://link.springer.com/10.1007/s11269-011-9780-7},
volume = {25},
year = {2011}
}

@techreport{VanSteenbergen_et_al_2011b,
author = {{Van Steenbergen}, Frank and MacAnderson, I and Haile, Abraham Mehari},
title = {{Spate irrigation in the Horn of Africa: Status and potential}},
institution  = {Spate Irrigation Network Foundation},
year = {2011},
address = {The netherland},
number = 2,
month = 7,
pages = {44},
note = {Overview Paper Spate Irrigation},
url = {http://www.spate-irrigation.org/wordpress/wp-content/uploads/2011/08/OP_02_EN_Spate_irrigation_in_Horn_of_Africa_LQ.pdf}
}

@mastersthesis{Van_den_Ham_2008,
author = {{Van Den Ham}, John-Paul},
title = {{Dodota Spate Irrigation System Ethiopia - A case study of Spate Irrigation Management and Livelihood options}},
year = {2008},
pages = {90},
address = {Wageningen University},
note = {Irrigation and Water Engineering Group},
url = {https://edepot.wur.nl/14997}
}

@Article{Kahle_and_Wickham_2013,
author = {David Kahle and Hadley Wickham},
title = {ggmap: Spatial Visualization with ggplot2},
journal = {The R Journal},
year = {2013},
volume = {5},
number = {1},
pages = {144--161},
url = {https://journal.r-project.org/archive/2013-1/kahle-wickham.pdf},
}